% % % % % % % % % % % % % % % % % % % % % % % % % % % % % % % % % % % % %
% Background / Intro
% % % % % % % % % % % % % % % % % % % % % % % % % % % % % % % % % % % % %
@article{stoelcase,
  title={A case for Rebel},
  author={Stoel, Jouke}
}

@article{stoel2016solving,
  title={Solving the bank with Rebel: on the design of the Rebel specification language and its application inside a bank},
  DOI={10.1145/2998407.2998413},
  journal={Proceedings of the 1st Industry Track on Software Language Engineering - ITSLE 2016},
  author={Stoel, Jouke and Storm, Tijs Van Der and Vinju, Jurgen and Bosman, Joost},
  year={2016}
}

@inproceedings{klint2009rascal,
  title={Rascal: A domain specific language for source code analysis and manipulation},
  author={Klint, Paul and Van Der Storm, Tijs and Vinju, Jurgen},
  booktitle={Source Code Analysis and Manipulation, 2009. SCAM'09. Ninth IEEE International Working Conference on},
  pages={168--177},
  year={2009},
  organization={IEEE}
}

@inproceedings{pacheco2007randoop,
  title={Randoop: feedback-directed random testing for Java},
  author={Pacheco, Carlos and Ernst, Michael D},
  booktitle={Companion to the 22nd ACM SIGPLAN conference on Object-oriented programming systems and applications companion},
  pages={815--816},
  year={2007},
  organization={ACM}
}

@article{claessen2011quickcheck,
  title={QuickCheck: a lightweight tool for random testing of Haskell programs},
  author={Claessen, Koen and Hughes, John},
  journal={Acm sigplan notices},
  volume={46},
  number={4},
  pages={53--64},
  year={2011},
  publisher={ACM}
}

@inproceedings{kang2011fortresscheck,
  title={FortressCheck: automatic testing for generic properties},
  author={Kang, Seonghoon and Ryu, Sukyoung},
  booktitle={Proceedings of the 2011 ACM Symposium on Applied Computing},
  pages={1290--1296},
  year={2011},
  organization={ACM}
}

@article{goldberg1991every,
  title={What every computer scientist should know about floating-point arithmetic},
  author={Goldberg, David},
  journal={ACM Computing Surveys (CSUR)},
  volume={23},
  number={1},
  pages={5--48},
  year={1991},
  publisher={ACM}
}

@article{de2008z3,
  title={Z3: An efficient SMT solver},
  author={De Moura, Leonardo and Bj{\o}rner, Nikolaj},
  journal={Tools and Algorithms for the Construction and Analysis of Systems},
  pages={337--340},
  year={2008},
  publisher={Springer}
}

@inproceedings{ramler2006economic,
  title={Economic perspectives in test automation: balancing automated and manual testing with opportunity cost},
  author={Ramler, Rudolf and Wolfmaier, Klaus},
  booktitle={Proceedings of the 2006 international workshop on Automation of software test},
  pages={85--91},
  year={2006},
  organization={ACM}
}

@article{fink1997property,
  title={Property-based testing: a new approach to testing for assurance},
  author={Fink, George and Bishop, Matt},
  journal={ACM SIGSOFT Software Engineering Notes},
  volume={22},
  number={4},
  pages={74--80},
  year={1997},
  publisher={ACM}
}

@inproceedings{arts2006testing,
  title={Testing telecoms software with quviq quickcheck},
  author={Arts, Thomas and Hughes, John and Johansson, Joakim and Wiger, Ulf},
  booktitle={Proceedings of the 2006 ACM SIGPLAN workshop on Erlang},
  pages={2--10},
  year={2006},
  organization={ACM}
}

% % % % % % % % % % % % % % % % % % % % % % % % % % % % % % % % % % % % %
% URLs
% % % % % % % % % % % % % % % % % % % % % % % % % % % % % % % % % % % % %
@misc{siteAkka2017,
  author = {Lightbend Inc.},
  title = {Akka | Akka},
  howpublished = "\url{http://akka.io/}",
  year = {2017}
}
%, note = "[Online; accessed 19-July-2008]"

@misc{siteCassandra2016,
  author = {The Apache Software Foundation},
  title = {Apache Cassandra},
  howpublished = "\url{http://cassandra.apache.org/}",
  year = {2016}
}
%, note = "[Online; accessed 19-July-2008]"

@misc{siteSquants2017,
  author = {Typelevel},
  title = {Squants},
  howpublished = "\url{http://www.squants.com/}",
  year = {2017}
}
%, note = "[Online; accessed 19-July-2008]"

@misc{siteScalaCheck2015,
  author = {Rickard Nilsson},
  title = {ScalaCheck},
  howpublished = "\url{https://www.scalacheck.org/}",
  year = {2015}
}
%, note = "[Online; accessed 19-July-2008]"

@misc{siteScoverage2017,
  title = {Scoverage},
  howpublished = "\url{http://scoverage.org/}",
  year = {2017}
}

@misc{siteScoverage2017,
  title = {SageMath},
  howpublished = "\url{http://doc.sagemath.org/html/en/index.html}",
  year = {2017}
}
%author = {},
%, note = "[Online; accessed 19-July-2008]"

% % % % % % % % % % % % % % % % % % % % % % % % % % % % % % % % % % % % %
% Properties
% % % % % % % % % % % % % % % % % % % % % % % % % % % % % % % % % % % % %
@article{raftery2011perspective,
  title={A perspective on the algebra of logic},
  author={Raftery, James G},
  journal={Quaestiones Mathematicae},
  volume={34},
  number={3},
  pages={275--325},
  year={2011},
  publisher={Taylor \& Francis}
}

@article{baumgart1961axioms,
  title={Axioms in Algebra Where Did They Come from?},
  author={Baumgart, John K},
  journal={The Mathematics Teacher},
  volume={54},
  number={3},
  pages={155--160},
  year={1961},
  publisher={National Council of Teachers of Mathematics}
}

@book{apostol2007calculus,
  title={Calculus, volume I},
  author={Apostol, Tom M},
  volume={1},
  year={2007},
  publisher={John Wiley \& Sons}
}

@book{fowler2002patterns,
  title={Patterns of enterprise application architecture},
  author={Fowler, Martin},
  year={2002},
  publisher={Addison-Wesley Longman Publishing Co., Inc.}
}

% % % % % % % % % % % % % % % % % % % % % % % % % % % % % % % % % % % % %
% Other / Core
% % % % % % % % % % % % % % % % % % % % % % % % % % % % % % % % % % % % %
@article{brumley2007rich,
  title={RICH: Automatically protecting against integer-based vulnerabilities},
  author={Brumley, David and Chiueh, Tzi-cker and Johnson, Robert and Lin, Huijia and Song, Dawn},
  journal={Department of Electrical and Computing Engineering},
  pages={28},
  year={2007}
}

@inproceedings{wang2009intscope,
  title={IntScope: Automatically Detecting Integer Overflow Vulnerability in X86 Binary Using Symbolic Execution.},
  author={Wang, Tielei and Wei, Tao and Lin, Zhiqiang and Zou, Wei},
  booktitle={NDSS},
  year={2009}
}

@inproceedings{sen2006cute,
  title={CUTE and jCUTE: Concolic unit testing and explicit path model-checking tools},
  author={Sen, Koushik and Agha, Gul},
  booktitle={CAV},
  volume={6},
  pages={419--423},
  year={2006},
  organization={Springer}
}
